% Encoding: UTF-8
@misc{qian2023communicative,
      title={Communicative Agents for Software Development},
      author={Chen Qian and Xin Cong and Wei Liu and Cheng Yang and Weize Chen and Yusheng Su and Yufan Dang and Jiahao Li and Juyuan Xu and Dahai Li and Zhiyuan Liu and Maosong Sun},
      year={2023},
      eprint={2307.07924},
      archivePrefix={arXiv},
      primaryClass={cs.SE}
}

@misc{qian2023experiential,
      title={Experiential Co-Learning of Software-Developing Agents}, 
      author={Chen Qian and Yufan Dang and Jiahao Li and Wei Liu and Weize Chen and Cheng Yang and Zhiyuan Liu and Maosong Sun},
      year={2023},
      eprint={2312.17025},
      archivePrefix={arXiv},
      primaryClass={cs.CL}
}

@inproceedings{wu2023autogen,
      title={AutoGen: Enabling Next-Gen LLM Applications via Multi-Agent Conversation Framework},
      author={Qingyun Wu and Gagan Bansal and Jieyu Zhang and Yiran Wu and Beibin Li and Erkang Zhu and Li Jiang and Xiaoyun Zhang and Shaokun Zhang and Jiale Liu and Ahmed Hassan Awadallah and Ryen W White and Doug Burger and Chi Wang},
      year={2023},
      eprint={2308.08155},
      archivePrefix={arXiv},
      primaryClass={cs.AI}
}

@misc{brown2020language,
      title={Language Models are Few-Shot Learners}, 
      author={Tom B. Brown and Benjamin Mann and Nick Ryder and Melanie Subbiah and Jared Kaplan and Prafulla Dhariwal and Arvind Neelakantan and Pranav Shyam and Girish Sastry and Amanda Askell and Sandhini Agarwal and Ariel Herbert-Voss and Gretchen Krueger and Tom Henighan and Rewon Child and Aditya Ramesh and Daniel M. Ziegler and Jeffrey Wu and Clemens Winter and Christopher Hesse and Mark Chen and Eric Sigler and Mateusz Litwin and Scott Gray and Benjamin Chess and Jack Clark and Christopher Berner and Sam McCandlish and Alec Radford and Ilya Sutskever and Dario Amodei},
      year={2020},
      eprint={2005.14165},
      archivePrefix={arXiv},
      primaryClass={cs.CL}
}