@article{sutton_reinforcement_1998,
	title = {Reinforcement Learning: An Introduction},
	volume = {9},
	issn = {1941-0093},
	url = {https://ieeexplore.ieee.org/document/712192},
	doi = {10.1109/TNN.1998.712192},
	shorttitle = {Reinforcement Learning},
	pages = {1054--1054},
	number = {5},
	journaltitle = {{IEEE} Transactions on Neural Networks},
	author = {Sutton, R.S. and Barto, A.G.},
	urldate = {2024-06-23},
	date = {1998-09},
	note = {Conference Name: {IEEE} Transactions on Neural Networks},
	keywords = {Artificial intelligence, Artificial neural networks, Bibliographies, Books, Dynamic programming, Function approximation, Learning systems, Machine learning, Neural networks, Neurofeedback},
	file = {IEEE Xplore Abstract Record:C\:\\Users\\felix\\Zotero\\storage\\E8G9CI53\\712192.html:text/html},
}